@book { dwas,
    title={Digital Watermarking and Steganography},
    author={Ingemar J. Cox and Matthew L. Miller and Jeffrey A. Bloom and Jessica Fridrich and Ton Kalker},
    year={2008},
    publisher={Morgan Kaufmann publications}
}

@article { hopap,
    title={Handbook of Pulping and Papermaking},
    author={Christopher J. Biermann},
    journal={Algorithmica},
    pages={171},
    year={1996},
    publisher={Academic Press}
}

@misc { wiki:water,
   author = "Wikipedia Society",
   title = "Watermark",
   howpublished = "\\https://en.wikipedia.org/w/index.php?title=Watermark\&oldid=737205277",
   year = "2016",
   month = "September",
   note = "[Online; accessed 1-September-2016]"
 }
